<?xml version="1.0" encoding="UTF-8"?><collection xmlns="http://www.loc.gov/MARC21/slim"><record><leader>00469nam--2200181-i-4500</leader><controlfield tag="001">000016003</controlfield><controlfield tag="002">20161230</controlfield><controlfield tag="005">20161230201031</controlfield><controlfield tag="008">060222s1000------------r-----000-0-eng-d</controlfield><datafield ind1="1" ind2=" " tag="040"><subfield code="a">IFIN-HH</subfield></datafield><datafield ind1=" " ind2=" " tag="080"><subfield code="a">535.33</subfield></datafield><datafield ind1="1" ind2=" " tag="100"><subfield code="a">Thompson, H.W</subfield></datafield><datafield ind1="1" ind2="0" tag="245"><subfield code="a">Advances in spectroscopy</subfield><subfield code="c">H.W. THOMPSON (Ed.)</subfield></datafield><datafield ind1=" " ind2=" " tag="260"><subfield code="a">LONDON</subfield><subfield code="b">Interscience Publishers Inc</subfield></datafield><datafield ind1=" " ind2=" " tag="300"><subfield code="a">2 VOLUME</subfield></datafield><datafield ind1="1" ind2=" " tag="787"><subfield code="a">Vol. II</subfield><subfield code="d">1961</subfield><subfield code="h">483p</subfield></datafield><datafield ind1=" " ind2=" " tag="852"><subfield code="a">15819</subfield><subfield code="c">535.33</subfield></datafield><datafield ind1=" " ind2=" " tag="CAT"><subfield code="a">Sys</subfield><subfield code="c">20101202</subfield><subfield code="h">094441</subfield></datafield></record></collection>